<?xml version="1.0" encoding="UTF-8"?><collection xmlns="http://www.loc.gov/MARC21/slim"><record><leader>00381nam--2200145-i-4500</leader><controlfield tag="001">000028075</controlfield><controlfield tag="002">20161230</controlfield><controlfield tag="005">20161230201037</controlfield><controlfield tag="008">060222s1000------------r-----000-0-eng-d</controlfield><datafield ind1=" " ind2=" " tag="040"><subfield code="a">IFIN-HH</subfield></datafield><datafield ind1=" " ind2=" " tag="100"><subfield code="a">Legras, J</subfield></datafield><datafield ind1=" " ind2=" " tag="245"><subfield code="a">Resolution pratique des equations differentielles</subfield></datafield><datafield ind1=" " ind2=" " tag="260"><subfield code="a">PARIS, DUNOD, 1954, VIII + 114p</subfield></datafield><datafield ind1=" " ind2=" " tag="852"><subfield code="a">10364</subfield><subfield code="c">518.12</subfield></datafield><datafield ind1=" " ind2=" " tag="CAT"><subfield code="a">Sys</subfield><subfield code="c">20090617</subfield><subfield code="h">114554</subfield></datafield></record></collection>